@inproceedings{Schulmanetal_ISRR2013,
  title = {Learning from Demonstrations through the Use of Non-Rigid Registration},
  author = {John Schulman and Jonathan Ho and Cameron Lee and Pieter Abbeel},
  booktitle = {Proceedings of the 16th International Symposium on Robotics Research (ISRR)},
  year =  2013
}

@inproceedings{Schulmanetal_IROS2013,
  title = {A Case Study of Trajectory Transfer Through Non-Rigid Registration for a Simplified Suturing Scenario},
  author = {John Schulman and Ankush Gupta and Sibi Venkatesan and Mallory Tayson-Frederick and Pieter Abbeel},
  booktitle = {Proceedings of the 26th IEEE/RSJ International Conference on Intelligent Robots and Systems (IROS)},
  year =  2013
}


@article{cayton2005algorithms,
  title={Algorithms for manifold learning},
  author={Cayton, Lawrence},
  year={2005}
}

@book{jolliffe2005principal,
  title={Principal component analysis},
  author={Jolliffe, Ian},
  year={2005},
  publisher={Wiley Online Library}
}


@inproceedings{Ratliff_Humanoids2007,
  author = {Nathan Ratliff and J. Andrew Bagnell and Siddhartha S. Srinivasa},
  title = {Imitation learning for locomotion and manipulation},
  booktitle = {IEEE-RAS International Conference on Humanoid Robots},
  year = {2007}
}



@inproceedings{Ratliff_AISTATS2009,
  added-at = {2014-01-13T00:00:00.000+0100},
  author = {Ratliff, Nathan D. and Ziebart, Brian D. and Peterson, Kevin M. and Bagnell, J. Andrew and Hebert, Martial and Dey, Anind K. and Srinivasa, Siddhartha S.},
  booktitle = {AISTATS},
  crossref = {conf/aistats/2009},
  editor = {Dyk, David A. Van and Welling, Max},
  keywords = {dblp},
  pages = {424-431},
  publisher = {JMLR.org},
  series = {JMLR Proceedings},
  timestamp = {2014-01-13T00:00:00.000+0100},
  title = {Inverse Optimal Heuristic Control for Imitation Learning.},
  url = {http://dblp.uni-trier.de/db/journals/jmlr/jmlrp5.html#RatliffZPBHDS09},
  volume = 5,
  year = 2009
}

@article{Wakamatsu_IJRR2006,
  added-at = {2012-11-13T00:00:00.000+0100},
  author = {Wakamatsu, Hidefumi and Arai, Eiji and Hirai, Shinichi},
  journal = {The International Journal of Robotics Research},
  number = 4,
  pages = {371-395},
  title = {Knotting/Unknotting Manipulation of Deformable Linear Objects.},
  volume = 25,
  year = 2006
}

@incollection{Saha_ExpRobotics2008,
  year={2008},
  xxisbn={978-3-540-77456-3},
  booktitle={Experimental Robotics},
  volume={39},
  series={Springer Tracts in Advanced Robotics},
  editor={Khatib, Oussama and Kumar, Vijay and Rus, Daniela},
  xxdoi={10.1007/978-3-540-77457-0_3},
  title={Motion Planning for Robotic Manipulation of Deformable Linear Objects},
  publisher={Springer Berlin Heidelberg},
  author={Saha, Mitul and Isto, Pekka and Latombe, Jean-Claude},
  pages={23-32}
}

@phdthesis{Bell_PhD2010,
 author = {Bell, Matthew},
 advisor = {Balkcom, Devin},
 title = {Flexible Object Manipulation},
 school = {Dartmouth College},
 year = {2010},
 xxisbn = {978-1-109-70333-7},
 xxnote = {AAI3397916},
 publisher = {Dartmouth College},
 address = {Hanover, NH, USA},
} 

@inproceedings{Morita_ICRA2003,
  author = {Morita, Takuma and Takamatsu, Jun and Ogawara, Koichi and Kimura, Hiroshi and Ikeuchi, Katsushi},
  booktitle = {Proceedings of the International Conference on Robotics and Automation (ICRA)},
  pages = {3887-3892},
  publisher = {IEEE},
  title = {Knot planning from observation.},
  year = 2003
}

@article{Takamatsu_TransRob2006,
 author = {Takamatsu, J. and Morita, T. and Ogawara, K. and Kimura, H. and Ikeuchi, K.},
 title = {Representation for Knot-tying Tasks},
 journal = {Trans. Rob.},
 issue_date = {November 2006},
 volume = {22},
 number = {1},
 month = nov,
 year = {2006},
 xxissn = {1552-3098},
 pages = {65--78},
 xxnumpages = {14},
 url = {http://dx.doi.org/10.1109/TRO.2005.855988},
 xxdoi = {10.1109/TRO.2005.855988},
 xxacmid = {2211844},
 publisher = {IEEE Press},
 address = {Piscataway, NJ, USA},
 xxkeywords = {Knot-tying task, Reidemeister moves, learning from observation (LFO), movement primitives, state representation (P-data)},
}

@inproceedings{Dvijotham_ICML2010,
  author = {Krishnamurthy Dvijotham and Emanuel Todorov},
  title = {Inverse Optimal Control with Linearly-Solvable {MDP}s},
  booktitle = {Proceedings of the 27th International Conference on Machine Learning (ICML)},
  year = 2010
}

@inproceedings{SchulmanLeeHoAbbeel_ICRA2013,
  title = {Tracking Deformable Objects with Point Clouds}, 
  author = {John Schulman and Alex Lee and Jonathan Ho and Pieter Abbeel},
  booktitle = {Proceedings of the International Conference on Robotics and Automation (ICRA)},
  year = 2013
}

@inproceedings{Javdanietal_2011,
  title = {Modeling and Perception of Deformable One-Dimensional Objects},
  author = {Shervin Javdani and Sameep Tandon and Jie Tang and James O'Brien and Pieter Abbeel},
  booktitle = {Proceedings of the International Conference on Robotics and Automation (ICRA)},
  year = 2011
}

@inproceedings{Haehnel03a,
  author        = {D. H\"{a}hnel and S. Thrun and W. Burgard},
  title         = {An Extension of the {ICP} Algorithm for Modeling Nonrigid Objects with Mobile Robots},
  year          = {2003},
  booktitle     = {Proceedings of the Sixteenth International Joint Conference on Artificial Intelligence (IJCAI)},
  organization  = {IJCAI},
  address       = {Acapulco, Mexico}
}

@inproceedings{hao2013_unentanglingropes,
  title={Tangled: Learning to Untangle Ropes with RGB-D Perception},
  author={Wen H Lui and Ashutosh Saxena},
  year={2013},
  booktitle={IROS}
}

@inproceedings{Pomerleau_NIPS1989,
  author = {Dean Pomerleau},
  editor = {D.S. Touretzky},
  title = {ALVINN: An Autonomous Land Vehicle In a Neural Network},
  booktitle = {Advances in Neural Information Processing Systems},
  publisher = {Morgan Kaufmann},
  year = {1989},
}

@inproceedings{muller2005off,
  title={Off-road obstacle avoidance through end-to-end learning},
  author={Muller, Urs and Ben, Jan and Cosatto, Eric and Flepp, Beat and LeCun, Yann},
  booktitle={Advances in Neural Information Processing Systems},
  pages={739--746},
  year={2005}
}

@article{Miyamoto_1996,
 author = {Miyamoto, Hiroyuki and Schaal, Stefan and Gandolfo, Francesca and Gomi, Hiroaki and Koike, Yasuharu and Osu, Rieko and Nakano, Eri and Wada, Yasuhiro and Kawato, Mitsuo},
 title = {A {Kendama} Learning Robot Based on Bi-directional Theory},
 journal = {Neural Networks},
 issue_date = {Nov. 1996},
 volume = {9},
 number = {8},
 month = nov,
 year = {1996},
 issn = {0893-6080},
 pages = {1281--1302},
 numpages = {22},
 acmid = {246679},
 publisher = {Elsevier Science Ltd.},
 address = {Oxford, UK, UK},
}

@article{Miyamoto_1998,
  author = {Miyamoto, Hiroyuki and Kawato, Mitsuo},
  description = {dblp},
  journal = {Neural Networks},
  number = {7-8},
  pages = {1331-1344},
  title = {A tennis serve and upswing learning robot based on bi-directional theory.},
  volume = 11,
  year = 1998
}

@article{Argall_2009,
 author = {Argall, Brenna D. and Chernova, Sonia and Veloso, Manuela and Browning, Brett},
 title = {A Survey of Robot Learning from Demonstration},
 journal = {Robot. Auton. Syst.},
 issue_date = {May, 2009},
 volume = {57},
 number = {5},
 month = may,
 year = {2009},
 issn = {0921-8890},
 pages = {469--483},
 numpages = {15},
 acmid = {1524008},
 publisher = {North-Holland Publishing Co.},
 address = {Amsterdam, The Netherlands, The Netherlands},
 keywords = {Autonomous systems, Learning from demonstration, Machine learning, Robotics},
}

@article{Schaal_1999,
  title={Is imitation learning the route to humanoid robots?},
  author={Schaal, Stefan},
  journal={Trends in cognitive sciences},
  volume={3},
  number={6},
  pages={233--242},
  year={1999},
  publisher={Elsevier}
}

@inproceedings{Ross_2013,
   author = {St\'ephane Ross and Narek Melik-Barkhudarov and Kumar Shaurya Shankar and Andreas Wendel and Debadeepta Dey and J. Andrew (Drew) Bagnell and Martial Hebert},
   title = {Learning Monocular Reactive UAV Control in Cluttered Natural Environments},
   booktitle = "IEEE International Conference on Robotics and Automation",
   publisher = "IEEE",
   month = "March",
   year = "2013",
}



@INPROCEEDINGS{Isaac_ICML2003,
    author = {Andrew Isaac and Claude Sammut},
    title = {Goal-directed learning to fly},
    booktitle = {In Proceedings of the Twentieth International Conference on Machine Learning (ICML)},
    year = {2003},
    pages = {258--265},
    publisher = {AAAI Press}
}

@inproceedings{konidaris2010constructing,
  title={Constructing skill trees for reinforcement learning agents from demonstration trajectories},
  author={Konidaris, George and Kuindersma, Scott and Grupen, Roderic and Barreto, Andre S},
  booktitle={Advances in neural information processing systems},
  pages={1162--1170},
  year={2010}
}

@article{sutton1999between,
  title={Between MDPs and semi-MDPs: A framework for temporal abstraction in reinforcement learning},
  author={Sutton, Richard S and Precup, Doina and Singh, Satinder},
  journal={Artificial intelligence},
  volume={112},
  number={1},
  pages={181--211},
  year={1999},
  publisher={Elsevier}
}

@INPROCEEDINGS{Neumann09learningcomplex,
    author = {Gerhard Neumann and Wolfgang Maass},
    title = {Learning complex motions by sequencing simpler motion templates},
    booktitle = {In Proceedings of the 26th International Conference on Machine Learning},
    year = {2009}
}

@article{schweitzer1985generalized,
  title={Generalized polynomial approximations in Markovian decision processes},
  author={Schweitzer, Paul J and Seidmann, Abraham},
  journal={Journal of mathematical analysis and applications},
  volume={110},
  number={2},
  pages={568--582},
  year={1985},
  publisher={Elsevier}
}

@book{puterman1994,
 author = {Puterman, Martin L.},
 title = {Markov Decision Processes: Discrete Stochastic Dynamic Programming},
 year = {1994},
 isbn = {0471619779},
 edition = {1st},
 publisher = {John Wiley \& Sons, Inc.},
 address = {New York, NY, USA},
} 

@incollection{Wada_ArticMotion2000,
year={2000},
xxisbn={978-3-540-67912-7},
booktitle={Articulated Motion and Deformable Objects},
volume={1899},
series={Lecture Notes in Computer Science},
editor={Nagel, Hans-Hellmut and Perales López, FranciscoJ.},
xxdoi={10.1007/10722604_1},
title={Robust Manipulation of Deformable Objects Using Model Based Technique},
xxurl={http://dx.doi.org/10.1007/10722604_1},
publisher={Springer Berlin Heidelberg},
author={Wada, T. and Hirai, S. and Mori, H. and Kawamura, S.},
pages={1-14}
}

@article{Howard_AutRobots2000,
year={2000},
xxissn={0929-5593},
journal={Autonomous Robots},
volume={10},
number={1},
xxdoi={10.1023/A:1008924218273},
title={Intelligent Learning for Deformable Object Manipulation},
xxurl={http://dx.doi.org/10.1023/A%3A1008924218273},
publisher={Kluwer Academic Publishers},
xxkeywords={deformable object manipulation; learning; iterative lifting},
author={Howard, Ayanna M. and Bekey, George A.},
pages={51-58},
xxlanguage={English}
}

@article{Lamiraux_IJRR2001,
    author = {Florent Lamiraux and Lydia E. Kavraki},
    title = {Planning Paths for Elastic Objects Under Manipulation Constraints},
    journal = {International Journal of Robotics Research},
    year = {2001},
    volume = {20},
    pages = {188--208}
}

@article{Moll_IEEERobot2006,
    author = {Mark Moll and Lydia E. Kavraki},
    title = {Path planning for deformable linear objects},
    journal = {IEEE Transactions on Robotics},
    year = {2006},
    volume = {22},
    pages = {625--636}
}

@INPROCEEDINGS{Matsuno_RSJ2006,
author={Matsuno, T. and Fukuda, T.},
booktitle={Intelligent Robots and Systems, 2006 IEEE/RSJ International Conference on},
title={Manipulation of Flexible Rope Using Topological Model Based on Sensor Information},
year={2006},
month={Oct},
pages={2638-2643},
xxdoi={10.1109/IROS.2006.281944}
}

@misc{Bullet_Physics,
author = {Coumans, Erwin},
title = {Bullet Physics},
month = {Jan},
year = {2014},
url = {http://code.google.com/p/bullet/}
}

@article{Chui_CVIU2003,
  author    = {Haili Chui and
               Anand Rangarajan},
  title     = {A new point matching algorithm for non-rigid registration},
  journal   = {Computer Vision and Image Understanding},
  volume    = {89},
  number    = {2-3},
  year      = {2003},
  pages     = {114-141},
  xxee        = {http://dx.doi.org/10.1016/S1077-3142(03)00009-2},
  xxbibsource = {DBLP, http://dblp.uni-trier.de}
}

@book{Wahba_TPS1990,
  author = {Wahba, G.},
  publisher = {Society for Industrial and Applied Mathematics},
  title = {Spline Models for Observational Data},
  year = 1990
}

@INPROCEEDINGS{Carr_SIGGRAPH2001,
    author = {J. C. Carr and R. K. Beatson and J. B. Cherrie and T. J. Mitchell and W. R. Fright and B. C. McCallum and T. R. Evans},
    title = {Reconstruction and Representation of 3D Objects with Radial Basis Functions},
    booktitle = {Computer Graphics (SIGGRAPH ’01 Conf. Proc.), pages 67–76. ACM SIGGRAPH},
    year = {2001},
    pages = {67--76},
    publisher = {Springer}
}

@inproceedings{Ratliff_ICML06,
 author = {Ratliff, Nathan D. and Bagnell, J. Andrew and Zinkevich, Martin A.},
 title = {Maximum Margin Planning},
 booktitle = {Proceedings of the 23rd International Conference on Machine Learning},
 series = {ICML '06},
 year = {2006},
 xxisbn = {1-59593-383-2},
 xxlocation = {Pittsburgh, Pennsylvania},
 pages = {729--736},
 xxnumpages = {8},
 xxurl = {http://doi.acm.org/10.1145/1143844.1143936},
 xxdoi = {10.1145/1143844.1143936},
 xxacmid = {1143936},
 publisher = {ACM},
 address = {New York, NY, USA},
}

@ARTICLE{Sakoe_IEEE1978,
    author = {Hiroaki Sakoe},
    title = {Dynamic programming algorithm optimization for spoken word recognition},
    journal = {IEEE Transactions on Acoustics, Speech, and Signal Processing},
    year = {1978},
    volume = {26},
    pages = {43--49}
}

@article{Vakanski_2012,
  xxadded-at = {2012-09-13T00:00:00.000+0200},
  author = {Vakanski, Aleksandar and Mantegh, Iraj and Irish, Andrew and Janabi-Sharifi, Farrokh},
  xxbiburl = {http://www.bibsonomy.org/bibtex/27aa9b76044116cd0f598a25c26bd126e/dblp},
  xxee = {http://dx.doi.org/10.1109/TSMCB.2012.2185694},
  xxinterhash = {1e8a17d804ac2fed6b42b33707a694f7},
  xxintrahash = {7aa9b76044116cd0f598a25c26bd126e},
  journal = {IEEE Transactions on Systems, Man, and Cybernetics, Part B},
  xxkeywords = {dblp},
  number = 4,
  pages = {1039-1052},
  xxtimestamp = {2012-09-13T00:00:00.000+0200},
  title = {Trajectory Learning for Robot Programming by Demonstration Using Hidden Markov Model and Dynamic Time Warping.},
  xxurl = {http://dblp.uni-trier.de/db/journals/tsmc/tsmcb42.html#VakanskiMIJ12},
  volume = 42,
  year = 2012
}

@ARTICLE{Calinon_SMC2007,
author={Calinon, S. and Guenter, F. and Billard, A.},
journal={Systems, Man, and Cybernetics, Part B: Cybernetics, IEEE Transactions on},
title={On Learning, Representing, and Generalizing a Task in a Humanoid Robot},
year={2007},
month={April},
volume={37},
number={2},
pages={286-298},
xxdoi={10.1109/TSMCB.2006.886952},
xxISSN={1083-4419}
}

@INPROCEEDINGS{Calinon_HUM2009,
author={Calinon, S. and D'halluin, F. and Caldwell, D.G. and Billard, A.G.},
booktitle={Humanoid Robots, 2009. Humanoids 2009. 9th IEEE-RAS International Conference on},
title={Handling of multiple constraints and motion alternatives in a robot programming by demonstration framework},
year={2009},
month={Dec},
pages={582-588},
xxdoi={10.1109/ICHR.2009.5379592}
}

@ARTICLE{Stulp_ROB2012,
author={Stulp, F. and Theodorou, E.A. and Schaal, S.},
journal={Robotics, IEEE Transactions on},
title={Reinforcement Learning With Sequences of Motion Primitives for Robust Manipulation},
year={2012},
month={Dec},
volume={28},
number={6},
pages={1360-1370},
xxdoi={10.1109/TRO.2012.2210294},
xxISSN={1552-3098}
}
